<record xmlns="http://www.loc.gov/MARC21/slim" xmlns:xsi="http://www.w3.org/2001/XMLSchema-instance" xsi:schemaLocation="http://www.loc.gov/MARC21/slim http://www.loc.gov/standards/marcxml/schema/MARC21slim.xsd"><leader>01365cz   2200205n  4500</leader><controlfield tag="001">oca01416759 </controlfield><controlfield tag="005">20000530064629.0</controlfield><controlfield tag="008">850923n| acannaabn          |a aaa      </controlfield><datafield ind1=" " ind2=" " tag="010"><subfield code="a">n  85175817 </subfield></datafield><datafield ind1=" " ind2=" " tag="040"><subfield code="a">DLC</subfield><subfield code="b">eng</subfield><subfield code="c">DLC</subfield><subfield code="d">DLC</subfield><subfield code="d">OCoLC</subfield></datafield><datafield ind1="0" ind2=" " tag="100"><subfield code="a">Sidonius Apollinaris,</subfield><subfield code="c">Saint,</subfield><subfield code="d">431 or 2-ca. 487</subfield></datafield><datafield ind1="0" ind2=" " tag="400"><subfield code="a">Sidonio Apollinare,</subfield><subfield code="c">Saint,</subfield><subfield code="d">431 or 2-ca. 487</subfield></datafield><datafield ind1="1" ind2=" " tag="400"><subfield code="a">Apollinare, Sidonio,</subfield><subfield code="c">Saint,</subfield><subfield code="d">431 or 2-ca. 487</subfield></datafield><datafield ind1="0" ind2=" " tag="400"><subfield code="a">Sidoine Apollinaire,</subfield><subfield code="c">Saint,</subfield><subfield code="d">431 or 2-ca. 487</subfield></datafield><datafield ind1="1" ind2=" " tag="400"><subfield code="a">Apollinaire, Sidoine,</subfield><subfield code="c">Saint,</subfield><subfield code="d">431 or 2-ca. 487</subfield></datafield><datafield ind1="1" ind2=" " tag="400"><subfield code="a">SidoniÌ&#x84;iÌ&#x86;, K. S. ApollinariÌ&#x84;iÌ&#x86;,</subfield><subfield code="c">Saint,</subfield><subfield code="d">431 or 2-ca. 487</subfield></datafield><datafield ind1="1" ind2=" " tag="400"><subfield code="a">Apollinaris Sidonius, Caius Sollius,</subfield><subfield code="c">Saint,</subfield><subfield code="d">431 or 2-ca. 487</subfield></datafield><datafield ind1="1" ind2=" " tag="400"><subfield code="a">ApollinariÌ&#x84;iÌ&#x86; SidoniÌ&#x84;iÌ&#x86;, K. S.,</subfield><subfield code="c">Saint,</subfield><subfield code="d">431 or 2-ca. 487</subfield></datafield><datafield ind1=" " ind2=" " tag="670"><subfield code="a">His Carmina, 1982:</subfield><subfield code="b">t.p. (Sidonio Apollinare) p. 15 (Caio Sollio Apollinare Sidonio; b. in Lyons bet. 430 and 432; m. Papianilla; after serving Emperor, appointed bp. of Clermont-Ferrand in 471; d. ca. 486, sainted soon thereafter)</subfield></datafield><datafield ind1=" " ind2=" " tag="670"><subfield code="a">LC data base, 8-20-85</subfield><subfield code="b">(hdg.: Sidonius Apollinaris, Saint, 431 or 2-ca. 487; usage: Sidonius Apollinaris, Sidonio Apollinare) LC manual cat. (variants: Sidonius Apollinaris, Gaius Sollius Apollinaris Sidonius, K.S. ApollinariÌ&#x84;iÌ&#x86; SidoniÌ&#x84;iÌ&#x86;, Caius Sollius Apollinaris Sidonius, Sidoine Apollinaire, Caius Sollius Modestus Apollinaris Sidonius)</subfield></datafield></record>